|0000|004|0|01012025|31012025|EMPRESA TESTE LTDA|12345678000195||MG||||||
|0001|1|
|0990|2|
|M001|1|
|M210|01|2.000,00|2.000,00|1,65|||33,00||33,00|0,00|
|M210|02|1.000,00|1.000,00|1,65|||16,50||16,50|0,00|
|M210|04|3.000,00|3.000,00|1,65|||49,50||49,50|0,00|
|M200|99,00|0,00|0,00|0,00|0,00|0,00|0,00|0,00|0,00|0,00|99,00|0,00|0,00|0,00|0,00|0,00|0,00|
|M610|01|2.000,00|2.000,00|7,60|||152,00||152,00|0,00|
|M610|02|1.000,00|1.000,00|7,60|||76,00||76,00|0,00|
|M610|04|3.000,00|3.000,00|7,60|||228,00||228,00|0,00|
|M600|456,00|0,00|0,00|0,00|0,00|0,00|0,00|0,00|0,00|0,00|456,00|0,00|0,00|0,00|0,00|0,00|0,00|
|M990|9|
|9001|0|
|9990|1|
|9999|14|
