|0000|004|0|01012025|31012025|EMPRESA TESTE LTDA|12345678000195||MG||||||
|0001|1|
|0990|2|
|M001|1|
|M210|01|6.000,00|6.000,00|1,65|||99,00||99,00|0,00|
|M200|99,00|0,00|0,00|0,00|0,00|0,00|0,00|0,00|0,00|0,00|99,00|0,00|0,00|0,00|0,00|0,00|0,00|
|M610|01|6.000,00|6.000,00|7,60|||456,00||456,00|0,00|
|M600|900,00|0,00|0,00|0,00|0,00|0,00|0,00|0,00|0,00|0,00|900,00|0,00|0,00|0,00|0,00|0,00|0,00|
|M990|5|
|9001|0|
|9990|1|
|9999|12|
