|0000|002|0|01012025|31012025|EMPRESA TESTE LTDA|12345678000195||SP||||||
|0001|1|
|0990|2|
|C001|1|
|C100|1|0|FORN001|55|00|001|000000001|31250112345678000195550010000000011000000010|2025-01-10|2025-01-10|1000,00|0|0,00|0,00|1000,00|0|0,00|0,00|0,00|1000,00|100,00|0,00|0,00|0,00|0,00|0,00|0,00|0,00|
|C990|2|
|E001|1|
|E110|100,00|0,00|100,00|0,00|0,00|0,00|50,00|0,00|0,00|150,00|0,00|150,00|0,00|0,00|
|E111|MG1XXXXX|Ajuste a débito|50,00|
|E990|4|
|9001|0|
|9990|1|
|9999|14|
