|0000|004|0|01012025|31012025|EMPRESA TESTE LTDA|12345678000195||MG||||||
|0001|1|
|0990|2|
|M001|1|
|M200|0,00|0,00|0,00|0,00|0,00|0,00|0,00|0,00|0,00|0,00|0,00|0,00|0,00|0,00|0,00|0,00|0,00|
|M600|0,00|0,00|0,00|0,00|0,00|0,00|0,00|0,00|0,00|0,00|0,00|0,00|0,00|0,00|0,00|0,00|0,00|
|M990|3|
|9001|0|
|9990|1|
|9999|11|
