|0000|002|0|01012025|31012025|EMPRESA TESTE ST LTDA|98765432000111||SP||||||
|0001|1|
|0990|2|
|C001|1|
|C100|1|0|CLI001|55|00|001|000000010|31250198765432000111550010000000101000000100|2025-01-15|2025-01-15|2000,00|0|0,00|0,00|2000,00|0|0,00|0,00|0,00|1000,00|120,00|200,00|200,00|0,00|0,00|0,00|0,00|0,00|
|C100|0|0|FORN010|55|00|001|000000011|31250112345678000195550010000000111000000110|2025-01-05|2025-01-05|1000,00|0|0,00|0,00|1000,00|0|0,00|0,00|0,00|500,00|60,00|100,00|100,00|0,00|0,00|0,00|0,00|0,00|
|C990|3|
|E001|1|
|E110|120,00|0,00|120,00|0,00|60,00|0,00|60,00|0,00|0,00|60,00|0,00|60,00|0,00|0,00|
|E200|SP|2025-01-01|2025-01-31|
|E210|0|0,00|100,00|0,00|0,00|0,00|200,00|0,00|0,00|0,00|0,00|100,00|0,00|0,00|
|E990|5|
|9001|0|
|9990|1|
|9999|15|
