|0000|002|0|01022025|28022025|EMPRESA TESTE LTDA|12345678000195||MG||||||
|0001|1|
|0990|2|
|C001|1|
|C100|1|0|CLI001|55|00|001|000000001||2025-02-10|2025-02-10|833,33|0|0,00|0,00|833,33|0|0,00|0,00|0,00|833,33|100,00|0,00|0,00|0,00|0,00|0,00|0,00|0,00|
|C990|2|
|E001|1|
|E110|100,00|0,00|100,00|0,00|0,00|0,00|0,00|0,00|50,00|50,00|0,00|50,00|0,00|0,00|
|E990|3|
|9001|0|
|9990|1|
|9999|12|
