|0000|002|0|01012025|31012025|EMPRESA TESTE LTDA|12345678000195||MG||||||
|0001|1|
|0990|2|
|C001|1|
|C100|1|0|FORN001|55|00|001|000000001||2025-01-10|2025-01-10|1000,00|0|0,00|0,00|1000,00|0|0,00|0,00|0,00|1000,00|120,00|0,00|0,00|0,00|0,00|0,00|0,00|0,00|
|C100|1|0|FORN002|55|00|001|000000002||2025-01-15|2025-01-15|500,00|0|0,00|0,00|500,00|0|0,00|0,00|0,00|500,00|60,00|0,00|0,00|0,00|0,00|0,00|0,00|0,00|
|C100|0|1|CLI001|55|00|001|000000003||2025-01-20|2025-01-20|500,00|0|0,00|0,00|500,00|0|0,00|0,00|0,00|500,00|60,00|0,00|0,00|0,00|0,00|0,00|0,00|0,00|
|C990|4|
|E001|1|
|E110|180,00|0,00|180,00|0,00|60,00|0,00|60,00|0,00|0,00|120,00|0,00|120,00|0,00|0,00|
|E990|3|
|9001|0|
|9990|1|
|9999|14|
